%YAML 1.1
%TAG !u! tag:unity3d.com,2011:
--- !u!1 &8749192768810619365
GameObject:
  m_ObjectHideFlags: 0
  m_CorrespondingSourceObject: {fileID: 0}
  m_PrefabInstance: {fileID: 0}
  m_PrefabAsset: {fileID: 0}
  serializedVersion: 6
  m_Component:
  - component: {fileID: 7640107160313176101}
  m_Layer: 15
  m_Name: DoubleGateInverted
  m_TagString: Untagged
  m_Icon: {fileID: 0}
  m_NavMeshLayer: 0
  m_StaticEditorFlags: 0
  m_IsActive: 1
--- !u!4 &7640107160313176101
Transform:
  m_ObjectHideFlags: 0
  m_CorrespondingSourceObject: {fileID: 0}
  m_PrefabInstance: {fileID: 0}
  m_PrefabAsset: {fileID: 0}
  m_GameObject: {fileID: 8749192768810619365}
  m_LocalRotation: {x: 0, y: 0, z: 0, w: 1}
  m_LocalPosition: {x: 0, y: 0, z: 0}
  m_LocalScale: {x: 1, y: 1, z: 1}
  m_Children:
  - {fileID: 409848801433487489}
  - {fileID: 119726994680225877}
  m_Father: {fileID: 0}
  m_RootOrder: 0
  m_LocalEulerAnglesHint: {x: 0, y: 0, z: 0}
--- !u!1001 &6182868207691879944
PrefabInstance:
  m_ObjectHideFlags: 0
  serializedVersion: 2
  m_Modification:
    m_TransformParent: {fileID: 7640107160313176101}
    m_Modifications:
    - target: {fileID: 3340382766742670375, guid: be9786f9a33e6db43bad605ca2e6dcd9, type: 3}
      propertyPath: m_Layer
      value: 15
      objectReference: {fileID: 0}
    - target: {fileID: 4517819962678303044, guid: be9786f9a33e6db43bad605ca2e6dcd9, type: 3}
      propertyPath: m_Layer
      value: 15
      objectReference: {fileID: 0}
    - target: {fileID: 6081177748434810461, guid: be9786f9a33e6db43bad605ca2e6dcd9, type: 3}
      propertyPath: m_RootOrder
      value: 1
      objectReference: {fileID: 0}
    - target: {fileID: 6081177748434810461, guid: be9786f9a33e6db43bad605ca2e6dcd9, type: 3}
      propertyPath: m_LocalPosition.x
      value: 1.25
      objectReference: {fileID: 0}
    - target: {fileID: 6081177748434810461, guid: be9786f9a33e6db43bad605ca2e6dcd9, type: 3}
      propertyPath: m_LocalPosition.y
      value: 0
      objectReference: {fileID: 0}
    - target: {fileID: 6081177748434810461, guid: be9786f9a33e6db43bad605ca2e6dcd9, type: 3}
      propertyPath: m_LocalPosition.z
      value: 0
      objectReference: {fileID: 0}
    - target: {fileID: 6081177748434810461, guid: be9786f9a33e6db43bad605ca2e6dcd9, type: 3}
      propertyPath: m_LocalRotation.w
      value: 1
      objectReference: {fileID: 0}
    - target: {fileID: 6081177748434810461, guid: be9786f9a33e6db43bad605ca2e6dcd9, type: 3}
      propertyPath: m_LocalRotation.x
      value: 0
      objectReference: {fileID: 0}
    - target: {fileID: 6081177748434810461, guid: be9786f9a33e6db43bad605ca2e6dcd9, type: 3}
      propertyPath: m_LocalRotation.y
      value: 0
      objectReference: {fileID: 0}
    - target: {fileID: 6081177748434810461, guid: be9786f9a33e6db43bad605ca2e6dcd9, type: 3}
      propertyPath: m_LocalRotation.z
      value: 0
      objectReference: {fileID: 0}
    - target: {fileID: 6081177748434810461, guid: be9786f9a33e6db43bad605ca2e6dcd9, type: 3}
      propertyPath: m_LocalEulerAnglesHint.x
      value: 0
      objectReference: {fileID: 0}
    - target: {fileID: 6081177748434810461, guid: be9786f9a33e6db43bad605ca2e6dcd9, type: 3}
      propertyPath: m_LocalEulerAnglesHint.y
      value: 0
      objectReference: {fileID: 0}
    - target: {fileID: 6081177748434810461, guid: be9786f9a33e6db43bad605ca2e6dcd9, type: 3}
      propertyPath: m_LocalEulerAnglesHint.z
      value: 0
      objectReference: {fileID: 0}
    - target: {fileID: 7199251811637962844, guid: be9786f9a33e6db43bad605ca2e6dcd9, type: 3}
      propertyPath: m_Layer
      value: 15
      objectReference: {fileID: 0}
    - target: {fileID: 7341111839554112351, guid: be9786f9a33e6db43bad605ca2e6dcd9, type: 3}
      propertyPath: m_Layer
      value: 15
      objectReference: {fileID: 0}
    - target: {fileID: 7606132447268023415, guid: be9786f9a33e6db43bad605ca2e6dcd9, type: 3}
      propertyPath: otherGateOfPair
      value: 
      objectReference: {fileID: 5528824608079430222}
    - target: {fileID: 8026910250682372277, guid: be9786f9a33e6db43bad605ca2e6dcd9, type: 3}
      propertyPath: m_Name
      value: GatesRed
      objectReference: {fileID: 0}
    - target: {fileID: 8026910250682372277, guid: be9786f9a33e6db43bad605ca2e6dcd9, type: 3}
      propertyPath: m_Layer
      value: 15
      objectReference: {fileID: 0}
    m_RemovedComponents: []
  m_SourcePrefab: {fileID: 100100000, guid: be9786f9a33e6db43bad605ca2e6dcd9, type: 3}
--- !u!4 &119726994680225877 stripped
Transform:
  m_CorrespondingSourceObject: {fileID: 6081177748434810461, guid: be9786f9a33e6db43bad605ca2e6dcd9, type: 3}
  m_PrefabInstance: {fileID: 6182868207691879944}
  m_PrefabAsset: {fileID: 0}
--- !u!114 &4342486852909693567 stripped
MonoBehaviour:
  m_CorrespondingSourceObject: {fileID: 7606132447268023415, guid: be9786f9a33e6db43bad605ca2e6dcd9, type: 3}
  m_PrefabInstance: {fileID: 6182868207691879944}
  m_PrefabAsset: {fileID: 0}
  m_GameObject: {fileID: 0}
  m_Enabled: 1
  m_EditorHideFlags: 0
  m_Script: {fileID: 11500000, guid: 628cfbaf121bc4e4ea3e58fa02231d69, type: 3}
  m_Name: 
  m_EditorClassIdentifier: 
--- !u!1001 &8407141529956877276
PrefabInstance:
  m_ObjectHideFlags: 0
  serializedVersion: 2
  m_Modification:
    m_TransformParent: {fileID: 7640107160313176101}
    m_Modifications:
    - target: {fileID: 182124789407884085, guid: 2e87804a99918a24480587b0846c696e, type: 3}
      propertyPath: m_Layer
      value: 15
      objectReference: {fileID: 0}
    - target: {fileID: 2220555666894923522, guid: 2e87804a99918a24480587b0846c696e, type: 3}
      propertyPath: m_Layer
      value: 15
      objectReference: {fileID: 0}
    - target: {fileID: 4041556381105439122, guid: 2e87804a99918a24480587b0846c696e, type: 3}
      propertyPath: otherGateOfPair
      value: 
      objectReference: {fileID: 4342486852909693567}
    - target: {fileID: 6515896172424506488, guid: 2e87804a99918a24480587b0846c696e, type: 3}
      propertyPath: m_Layer
      value: 15
      objectReference: {fileID: 0}
    - target: {fileID: 8150453186714635101, guid: 2e87804a99918a24480587b0846c696e, type: 3}
      propertyPath: m_RootOrder
      value: 0
      objectReference: {fileID: 0}
    - target: {fileID: 8150453186714635101, guid: 2e87804a99918a24480587b0846c696e, type: 3}
      propertyPath: m_LocalPosition.x
      value: -1.25
      objectReference: {fileID: 0}
    - target: {fileID: 8150453186714635101, guid: 2e87804a99918a24480587b0846c696e, type: 3}
      propertyPath: m_LocalPosition.y
      value: 0
      objectReference: {fileID: 0}
    - target: {fileID: 8150453186714635101, guid: 2e87804a99918a24480587b0846c696e, type: 3}
      propertyPath: m_LocalPosition.z
      value: 0
      objectReference: {fileID: 0}
    - target: {fileID: 8150453186714635101, guid: 2e87804a99918a24480587b0846c696e, type: 3}
      propertyPath: m_LocalRotation.w
      value: 1
      objectReference: {fileID: 0}
    - target: {fileID: 8150453186714635101, guid: 2e87804a99918a24480587b0846c696e, type: 3}
      propertyPath: m_LocalRotation.x
      value: 0
      objectReference: {fileID: 0}
    - target: {fileID: 8150453186714635101, guid: 2e87804a99918a24480587b0846c696e, type: 3}
      propertyPath: m_LocalRotation.y
      value: 0
      objectReference: {fileID: 0}
    - target: {fileID: 8150453186714635101, guid: 2e87804a99918a24480587b0846c696e, type: 3}
      propertyPath: m_LocalRotation.z
      value: 0
      objectReference: {fileID: 0}
    - target: {fileID: 8150453186714635101, guid: 2e87804a99918a24480587b0846c696e, type: 3}
      propertyPath: m_LocalEulerAnglesHint.x
      value: 0
      objectReference: {fileID: 0}
    - target: {fileID: 8150453186714635101, guid: 2e87804a99918a24480587b0846c696e, type: 3}
      propertyPath: m_LocalEulerAnglesHint.y
      value: 0
      objectReference: {fileID: 0}
    - target: {fileID: 8150453186714635101, guid: 2e87804a99918a24480587b0846c696e, type: 3}
      propertyPath: m_LocalEulerAnglesHint.z
      value: 0
      objectReference: {fileID: 0}
    - target: {fileID: 8169216824775515332, guid: 2e87804a99918a24480587b0846c696e, type: 3}
      propertyPath: m_Layer
      value: 15
      objectReference: {fileID: 0}
    - target: {fileID: 8691705753338611390, guid: 2e87804a99918a24480587b0846c696e, type: 3}
      propertyPath: m_Name
      value: GatesGreen
      objectReference: {fileID: 0}
    - target: {fileID: 8691705753338611390, guid: 2e87804a99918a24480587b0846c696e, type: 3}
      propertyPath: m_Layer
      value: 15
      objectReference: {fileID: 0}
    m_RemovedComponents: []
  m_SourcePrefab: {fileID: 100100000, guid: 2e87804a99918a24480587b0846c696e, type: 3}
--- !u!4 &409848801433487489 stripped
Transform:
  m_CorrespondingSourceObject: {fileID: 8150453186714635101, guid: 2e87804a99918a24480587b0846c696e, type: 3}
  m_PrefabInstance: {fileID: 8407141529956877276}
  m_PrefabAsset: {fileID: 0}
--- !u!114 &5528824608079430222 stripped
MonoBehaviour:
  m_CorrespondingSourceObject: {fileID: 4041556381105439122, guid: 2e87804a99918a24480587b0846c696e, type: 3}
  m_PrefabInstance: {fileID: 8407141529956877276}
  m_PrefabAsset: {fileID: 0}
  m_GameObject: {fileID: 0}
  m_Enabled: 1
  m_EditorHideFlags: 0
  m_Script: {fileID: 11500000, guid: 628cfbaf121bc4e4ea3e58fa02231d69, type: 3}
  m_Name: 
  m_EditorClassIdentifier: 
